@article{ HeTauberZia,
    author = {Q. He and  U. C. Täuber and  R. K. P. Zia},
    title = {On the relationship between cyclic and hierarchical three-species 
    predator-prey systems and the two-species {Lotka-Volterra} model},
    year = {2012},
    journal = {Eur. Phys. J. B},
    volume = {8},
    number = {141}
}

@article{ HeMobiliaTauber,
    author = {Q. He and M. Mobilia and U.C. Täuber},
    title = {Coexistence in the two-dimensional {May-Leonard} model with random rates},
    year = {2011},
    Journal = {Eur. Phys. J. B},
    volume = {82}, 
    pages = {97--105}
}

@article{ dobromasyletal,
    author = {U. Dobromasyl and M. Mobilia and M. Pleimling and U. C. Täuber},
    title = {Stochastic population dynamics in spatially extended predator prey systems},
    year = 2018,
    journal = {J. Phys. A: Math. Theor.},
    volume = {51},
    number = {6}
}

@article{ reichenbachclvm, 
    author= {T. Reichenbach and M. Mobilia and E. Frey},
    title = {Coexistence versus extinction in the stochastic cyclic {Lotka-Volterra} model},
    year = 2006,
    journal = {Phys. Rev. E},
    volume = {74}, 
    number = {5}
}

@article{ lizards, 
    author= {B. Sinervo and C. Lively},
    title = {The rock-paper-scissors game and the evolution
             of alternative male strategies},
    year = 1996,
    journal = {Nature},
    volume = {380}, 
    pages = {240--243}
}

@article{ ecoli, 
    author= {B. Kerr and M. Riley and M. Feldman and B. Bohannan},
    title = {Local dispersal promotes biodiversity in a real-life game of rock-paper-scissors.},
    year = 2002,
    journal = {Nature},
    volume = {418}, 
    pages = {171--174}
}
@article{ bz, 
    author= {I. R. Epstein and K. Showalter},
    title = {Nonlinear chemical dynamics: oscillations, patterns, and chaos.},
    year = 1996,
    journal = {The Journal of Physical Chemistry},
    volume = {100}, 
    pages = {13132--13147},
    number = {31}
}
